@article{levin73,
  author = {Leonid A. Levin},
  title = {Universal Sequential Search Problems},
  journal = {Problems of Information Transmission},
  year = 1973,
  volume = 9,
  issue = 3,
  pages = {265--266},
}

@article{cc97,
  title = {On the amount of nondeterminism and the power of verifying},
  author = {Cai, L. and Chen, J.},
  journal = {SIAM Journal on Computing},
  volume = 26,
  number = 3,
  pages = {733--750},
  year = 1997,
  doi = {10.1137/S0097539793258295},
  publisher = {SIAM}
}


@article{wolf94,
  title = {Nondeterministic circuits, space complexity and quasigroups},
  journal = {Theoretical Computer Science},
  volume = 125,
  number = 2,
  pages = {295--313},
  year = 1994,
  issn = {0304-3975},
  doi = {10.1016/0304-3975(92)00014-I},
  author = {Marty J. Wolf}
}
